<?xml version="1.0" encoding="UTF-8"?><collection xmlns="http://www.loc.gov/MARC21/slim"><record><leader>00416nam--2200169-i-4500</leader><controlfield tag="001">000018448</controlfield><controlfield tag="002">20161230</controlfield><controlfield tag="005">20161230201032</controlfield><controlfield tag="008">060222s1000------------r-----000-0-eng-d</controlfield><datafield ind1=" " ind2=" " tag="040"><subfield code="a">IFIN-HH</subfield></datafield><datafield ind1=" " ind2=" " tag="080"><subfield code="a">531.1</subfield></datafield><datafield ind1="1" ind2=" " tag="100"><subfield code="a">Faires, V.M</subfield></datafield><datafield ind1="1" ind2="0" tag="245"><subfield code="a">Kinematics</subfield><subfield code="c">V.M. Faires</subfield></datafield><datafield ind1=" " ind2=" " tag="260"><subfield code="a">New York, Mcgraw-hill Book Comp.Inc., 1959</subfield></datafield><datafield ind1=" " ind2=" " tag="300"><subfield code="a">XIII + 468 P</subfield></datafield><datafield ind1=" " ind2=" " tag="852"><subfield code="a">15997</subfield><subfield code="c">531</subfield></datafield><datafield ind1=" " ind2=" " tag="CAT"><subfield code="a">Sys</subfield><subfield code="c">20100622</subfield><subfield code="h">132703</subfield></datafield></record></collection>